<?xml version="1.0" encoding="UTF-8" ?><marc:collection xmlns:marc="http://www.loc.gov/MARC21/slim" xmlns:xsi="http://www.w3.org/2001/XMLSchema-instance" xsi:schemaLocation="http://www.loc.gov/MARC21/slim http://www.loc.gov/standards/marcxml/schema/MARC21slim.xsd">
<marc:record><marc:leader>01847cam a2200409Ia 4500</marc:leader>
<marc:controlfield tag="001">b13205055</marc:controlfield>
<marc:controlfield tag="003">UaCaAUL</marc:controlfield><marc:controlfield tag="005">20170216031835.0</marc:controlfield><marc:controlfield tag="008">010122s1954    ua            000 0 ara d</marc:controlfield><marc:datafield tag="035" ind1=" " ind2=" "><marc:subfield code="a">(OCoLC)912694954</marc:subfield></marc:datafield><marc:datafield tag="040" ind1=" " ind2=" "><marc:subfield code="a">DHA</marc:subfield><marc:subfield code="b">eng</marc:subfield><marc:subfield code="c">DHA</marc:subfield><marc:subfield code="d">OCLCO</marc:subfield><marc:subfield code="d">OCLCQ</marc:subfield><marc:subfield code="d">MEAUC</marc:subfield></marc:datafield><marc:datafield tag="049" ind1=" " ind2=" "><marc:subfield code="a">MAIN</marc:subfield></marc:datafield><marc:datafield tag="066" ind1=" " ind2=" "><marc:subfield code="c">(3</marc:subfield></marc:datafield><marc:datafield tag="090" ind1=" " ind2=" "><marc:subfield code="a">BP130.4</marc:subfield><marc:subfield code="b">.I33x 1954</marc:subfield></marc:datafield><marc:datafield tag="100" ind1="1" ind2=" "><marc:subfield code="6">880-01</marc:subfield><marc:subfield code="a">Ibn Qutaybah, ʻAbd Allāh ibn Muslim,</marc:subfield><marc:subfield code="d">828-889?</marc:subfield></marc:datafield><marc:datafield tag="245" ind1="1" ind2="0"><marc:subfield code="6">880-02</marc:subfield><marc:subfield code="a">Taʼwīl mushkil al-Qurʼān /</marc:subfield><marc:subfield code="c">bi-sharḥ wa-taḥqīq al-Sayyid Aḥmad Ṣaqr.</marc:subfield></marc:datafield><marc:datafield tag="260" ind1=" " ind2=" "><marc:subfield code="6">880-03</marc:subfield><marc:subfield code="a">[Cairo] :</marc:subfield><marc:subfield code="b">Dār Iḥyāʼ al-Kutub al-ʻArabīyah, ʻĪsá al-Bābī al-Ḥalabī,</marc:subfield><marc:subfield code="c">1373 H, 1954 M.</marc:subfield></marc:datafield><marc:datafield tag="300" ind1=" " ind2=" "><marc:subfield code="a">67, 536 pages ;</marc:subfield><marc:subfield code="c">24 cm.</marc:subfield></marc:datafield><marc:datafield tag="336" ind1=" " ind2=" "><marc:subfield code="a">text</marc:subfield><marc:subfield code="b">txt</marc:subfield><marc:subfield code="2">rdacontent.</marc:subfield></marc:datafield><marc:datafield tag="337" ind1=" " ind2=" "><marc:subfield code="a">unmediated</marc:subfield><marc:subfield code="b">n</marc:subfield><marc:subfield code="2">rdamedia.</marc:subfield></marc:datafield><marc:datafield tag="338" ind1=" " ind2=" "><marc:subfield code="a">volume</marc:subfield><marc:subfield code="b">nc</marc:subfield><marc:subfield code="2">rdacarrier.</marc:subfield></marc:datafield><marc:datafield tag="490" ind1="1" ind2=" "><marc:subfield code="6">880-04</marc:subfield><marc:subfield code="a">Maktabat Ibn Qutaybah ;</marc:subfield><marc:subfield code="v">al-kitāb al-awwal.</marc:subfield></marc:datafield><marc:datafield tag="500" ind1=" " ind2=" "><marc:subfield code="a">Date from introduction.</marc:subfield></marc:datafield><marc:datafield tag="504" ind1=" " ind2=" "><marc:subfield code="a">Includes bibliographical references and indexes. </marc:subfield></marc:datafield><marc:datafield tag="630" ind1="0" ind2="0"><marc:subfield code="a">Qurʼan</marc:subfield><marc:subfield code="x">Commentaries</marc:subfield><marc:subfield code="v">Early works to 1800.</marc:subfield></marc:datafield><marc:datafield tag="700" ind1="1" ind2=" "><marc:subfield code="6">880-05</marc:subfield><marc:subfield code="a">Ṣaqr, Aḥmad.</marc:subfield></marc:datafield><marc:datafield tag="830" ind1=" " ind2="0"><marc:subfield code="6">880-06</marc:subfield><marc:subfield code="a">Maktabat Ibn Qutaybah ;</marc:subfield><marc:subfield code="v">al-kitāb al-awwal.</marc:subfield></marc:datafield><marc:datafield tag="880" ind1="1" ind2=" "><marc:subfield code="6">100-01/(3/r</marc:subfield><marc:subfield code="a">ابن قتيبة، عبد الله بن مسلم..</marc:subfield></marc:datafield><marc:datafield tag="880" ind1="1" ind2="0"><marc:subfield code="6">245-02/(3/r</marc:subfield><marc:subfield code="a">تأويل مشكل القرآن /‪</marc:subfield><marc:subfield code="c">بشرح وتحقيق السيد أحمد صقر..</marc:subfield></marc:datafield><marc:datafield tag="880" ind1=" " ind2=" "><marc:subfield code="6">260-03/(3/r</marc:subfield><marc:subfield code="a">[Cairo]</marc:subfield><marc:subfield code="b">دار احياء الكتب العربية، عيسى البابي الحلبي،‪</marc:subfield><marc:subfield code="c">1373 ه : 1954 م..</marc:subfield></marc:datafield><marc:datafield tag="880" ind1="1" ind2=" "><marc:subfield code="6">490-04/(3/r</marc:subfield><marc:subfield code="a">مكتبة ابن قتيبة ؛‪</marc:subfield><marc:subfield code="v">الكتاب الأول.</marc:subfield></marc:datafield><marc:datafield tag="880" ind1="1" ind2=" "><marc:subfield code="6">700-05/(3/r</marc:subfield><marc:subfield code="a">صقر، أحمد..</marc:subfield></marc:datafield><marc:datafield tag="880" ind1=" " ind2="0"><marc:subfield code="6">830-06/(3/r</marc:subfield><marc:subfield code="a">مكتبة ابن قتيبة ؛‪</marc:subfield><marc:subfield code="v">الكتاب الأول..</marc:subfield></marc:datafield><marc:datafield tag="907" ind1=" " ind2=" "><marc:subfield code="a">.b13205055</marc:subfield><marc:subfield code="b">main </marc:subfield></marc:datafield><marc:datafield tag="902" ind1=" " ind2=" "><marc:subfield code="a">170402</marc:subfield></marc:datafield><marc:datafield tag="998" ind1=" " ind2=" "><marc:subfield code="b">1</marc:subfield><marc:subfield code="c">041229</marc:subfield><marc:subfield code="d">m</marc:subfield><marc:subfield code="e">a</marc:subfield><marc:subfield code="f">-</marc:subfield><marc:subfield code="g">0</marc:subfield><marc:subfield code="k">USA</marc:subfield></marc:datafield><marc:datafield tag="945" ind1=" " ind2=" "><marc:subfield code="l">main </marc:subfield></marc:datafield></marc:record>
</marc:collection>
